@article{2021,
	title = {地方高校面向数学师范专业认证的“数值分析”课程教学探讨},
	issn = {1674-120X},
	url = {https://kns.cnki.net/kcms/detail/detail.aspx?dbcode=CJFD&dbname=CJFDLASN2022&filename=JAOS202135038&uniplatform=NZKPT&v=IHuO2tUv56YZL5kkwayFRizZ28wq6iDFCqJCh0ntk95J1kA55BjZRwzWkPSID6-j},
	abstract = {专业认证是提高专业办学质量的措施之一,通过师范专业认证,可以规范教师教育人才的培养,提高高校教育专业人才培养质量。文章从课程目标、课堂教学、课程考核三个方面探讨"数值分析"课程的教学,以提高学生的学科核心素养,促进该课程达到数学教育专业国家认证标准并实现数学师范专业人才培养目标。},
	language = {中文;},
	number = {35},
	urldate = {2022-03-26},
	journal = {教师},
	author = {彭叶辉,谭敏,陈小美,娄朋林},
	year = {2021},
	keywords = {“数值分析”, 教学, 师范认证},
	pages = {79--80},
	file = {Full Text PDF:C\:\\Users\\70264\\Zotero\\storage\\AIGWPFEL\\彭 等。 - 2021 - 地方高校面向数学师范专业认证的“数值分析”课程教学探讨.pdf:application/pdf},
}

@phdthesis{2020,
	type = {硕士},
	title = {日本人口老龄化对储蓄率的影响研究},
	url = {https://kns.cnki.net/kcms/detail/detail.aspx?dbcode=CMFD&dbname=CMFD202002&filename=1020755788.nh&uniplatform=NZKPT&v=iKo381tvgEPwsUcfDhYdbFkDCQGx1a1EtgmYE06%25mmd2BYsy2sBGlNiYgSrwVL%25mmd2Bg%25mmd2F7F7T},
	urldate = {2021-09-26},
	school = {吉林大学},
	author = {张翠玉},
	year = {2020},
}

@article{2022,
	title = {基于LaTeX的Web数学%公式提取方法的研究},
	author = {陈立辉，苏伟，蔡川，陈晓薇},
	year = {2022-06},

}
