
@misc{noauthor___nodate,
	title = {康威十三进制函数\_百度百科},
	url = {https://baike.baidu.com/item/%E5%BA%B7%E5%A8%81%E5%8D%81%E4%B8%89%E8%BF%9B%E5%88%B6%E5%87%BD%E6%95%B0/22786538},
	urldate = {2022-10-23},
	file = {康威十三进制函数_百度百科:C\:\\Users\\70264\\Zotero\\storage\\SB8GMPXQ\\22786538.html:text/html},
}
